<record><leader>00000cas a2200000 a 4500</leader><controlfield tag="001">16996244</controlfield><controlfield tag="008">871117d19111914wauwr ne      0    0eng d</controlfield><datafield ind1=" " ind2=" " tag="010"><subfield code="a">sn 87093032 </subfield></datafield><datafield ind1=" " ind2=" " tag="040"><subfield code="a">SLZ</subfield><subfield code="b">eng</subfield><subfield code="c">SLZ</subfield><subfield code="d">OCL</subfield><subfield code="d">OCLCQ</subfield><subfield code="d">DLC</subfield><subfield code="d">OCLCF</subfield></datafield><datafield ind1="1" ind2=" " tag="029"><subfield code="a">AU@</subfield><subfield code="b">000025837979</subfield></datafield><datafield ind1=" " ind2=" " tag="042"><subfield code="a">msc</subfield></datafield><datafield ind1=" " ind2=" " tag="043"><subfield code="a">n-us-wa</subfield></datafield><datafield ind1="0" ind2=" " tag="130"><subfield code="a">Kennewick reporter (Kennewick, Wash. : 1911)</subfield></datafield><datafield ind1="1" ind2="0" tag="245"><subfield code="a">Kennewick reporter.</subfield></datafield><datafield ind1=" " ind2=" " tag="260"><subfield code="a">Kennewick, Wash. :</subfield><subfield code="b">Twin City Print. and Pub. Co.</subfield></datafield><datafield ind1=" " ind2=" " tag="300"><subfield code="a">v.</subfield></datafield><datafield ind1=" " ind2=" " tag="310"><subfield code="a">Weekly</subfield></datafield><datafield ind1="0" ind2=" " tag="362"><subfield code="a">Vol. 3, no. 50 (Jan. 11, 1911)-v. 7, no. 9 (Mar. 26, 1914).</subfield></datafield><datafield ind1=" " ind2="0" tag="651"><subfield code="a">Kennewick (Wash.)</subfield><subfield code="v">Newspapers.</subfield></datafield><datafield ind1=" " ind2="7" tag="655"><subfield code="a">Newspapers.</subfield><subfield code="2">fast</subfield><subfield code="0">(OCoLC)fst01423814</subfield></datafield><datafield ind1=" " ind2="7" tag="651"><subfield code="a">Washington (State)</subfield><subfield code="z">Kennewick.</subfield><subfield code="2">fast</subfield><subfield code="0">(OCoLC)fst01222642</subfield></datafield><datafield ind1=" " ind2=" " tag="752"><subfield code="a">United States</subfield><subfield code="b">Washington</subfield><subfield code="c">Benton</subfield><subfield code="d">Kennewick.</subfield></datafield><datafield ind1="0" ind2="0" tag="780"><subfield code="t">Twin City reporter (Kennewick, Wash.)</subfield><subfield code="w">(DLC)sn 87093031</subfield></datafield><datafield ind1="0" ind2="7" tag="785"><subfield code="t">Kennewick courier</subfield><subfield code="x">2331-8112</subfield><subfield code="w">(DLC)sn 87093029</subfield><subfield code="w">(OCoLC)16996215</subfield></datafield><datafield ind1="0" ind2="7" tag="785"><subfield code="t">Kennewick courier-reporter</subfield><subfield code="w">(DLC)sn 87093042</subfield></datafield></record>